<record xmlns='http://www.loc.gov/MARC21/slim'><leader>02449ckc a2200421 a 4500</leader><controlfield tag='001'>1585818</controlfield><controlfield tag='005'>20191203163843.0</controlfield><controlfield tag='008'>981001i19581961xx nnn            i eng d</controlfield><datafield ind1='1' ind2=' ' tag='019'><subfield code='a'>14156869</subfield></datafield><datafield ind1=' ' ind2=' ' tag='035'><subfield code='9'>(AKIN)14156869</subfield></datafield><datafield ind1=' ' ind2=' ' tag='035'><subfield code='a'>1585818</subfield></datafield><datafield ind1=' ' ind2=' ' tag='040'><subfield code='a'>ANL</subfield><subfield code='b'>eng</subfield><subfield code='c'>ANL</subfield></datafield><datafield ind1=' ' ind2=' ' tag='042'><subfield code='a'>anuc</subfield></datafield><datafield ind1=' ' ind2=' ' tag='043'><subfield code='a'>u-at-ne</subfield></datafield><datafield ind1='1' ind2=' ' tag='100'><subfield code='a'>Sievers, Wolfgang,</subfield><subfield code='d'>1913-2007.</subfield></datafield><datafield ind1='1' ind2='0' tag='245'><subfield code='a'>Buildings and roads around North Sydney and Sydney Harbour Bridge, 1958-1961</subfield><subfield code='h'>[picture] /</subfield><subfield code='c'>Wolfgang Sievers.</subfield></datafield><datafield ind1=' ' ind2=' ' tag='260'><subfield code='c'>1958-1961.</subfield></datafield><datafield ind1=' ' ind2=' ' tag='300'><subfield code='a'>11 photographs :</subfield><subfield code='b'>gelatin silver, some col. ;</subfield><subfield code='c'>21 x 25 cm.</subfield></datafield><datafield ind1=' ' ind2=' ' tag='500'><subfield code='a'>Title from accession record.</subfield></datafield><datafield ind1=' ' ind2=' ' tag='500'><subfield code='a'>This set of 11 photographs is part of a collection of 500 photographs by Wolfgang Sievers on Australian architecture and interior design from 1949 to 1976.</subfield></datafield><datafield ind1=' ' ind2=' ' tag='500'><subfield code='a'>Captions, dates of printing and negative numbers verso.</subfield></datafield><datafield ind1=' ' ind2=' ' tag='500'><subfield code='a'>Architects for some buildings are: Stephenson &amp; Turner</subfield></datafield><datafield ind1=' ' ind2=' ' tag='500'><subfield code='a'>Selected images individually catalogued and digitised.</subfield></datafield><datafield ind1='0' ind2=' ' tag='505'><subfield code='a'>The Commercial Banking Company of Sydney, North Sydney Branch, 1958. North Sydney building, 1958. Milsons Point, 1958. North Sydney, Miller Street, with buildings, 1958. North Sydney looking towards the city, 1961. Sydney, 1961. Sydney Harbour Bridge northern approaches, 1961. View from Harbour Bridge exit and North Railway Station towards the city, 1961. Sydney, 1961 (Harbour Bridge southern exit). Sydney, Cahill Expressway looking towards Bradfield Highway and Observatory beyond, 1961.</subfield></datafield><datafield ind1=' ' ind2=' ' tag='530'><subfield code='a'>Also available online</subfield><subfield code='u'>http://nla.gov.au/nla.obj-143656880</subfield></datafield><datafield ind1=' ' ind2=' ' tag='540'><subfield code='a'>Copyright restrictions apply.</subfield></datafield><datafield ind1='0' ind2=' ' tag='555'><subfield code='a'>List available.</subfield></datafield><datafield ind1='1' ind2='0' tag='600'><subfield code='a'>Sievers, Wolfgang,</subfield><subfield code='d'>1913-2007</subfield><subfield code='x'>Photograph collections.</subfield></datafield><datafield ind1='2' ind2='0' tag='610'><subfield code='a'>Stephenson &amp; Turner.</subfield></datafield><datafield ind1=' ' ind2='0' tag='650'><subfield code='a'>Architectural photography</subfield><subfield code='z'>New South Wales</subfield><subfield code='z'>Sydney.</subfield></datafield><datafield ind1=' ' ind2='0' tag='650'><subfield code='a'>Buildings</subfield><subfield code='z'>New South Wales</subfield><subfield code='z'>Sydney</subfield><subfield code='v'>Photographs.</subfield></datafield><datafield ind1=' ' ind2='0' tag='650'><subfield code='a'>Architecture</subfield><subfield code='z'>New South Wales</subfield><subfield code='z'>Sydney</subfield><subfield code='v'>Photographs.</subfield></datafield><datafield ind1=' ' ind2='0' tag='650'><subfield code='a'>Central business districts</subfield><subfield code='z'>New South Wales</subfield><subfield code='z'>Sydney</subfield><subfield code='v'>Photographs.</subfield></datafield><datafield ind1=' ' ind2='0' tag='650'><subfield code='a'>Commercial buildings</subfield><subfield code='z'>New South Wales</subfield><subfield code='z'>Sydney</subfield><subfield code='v'>Photographs.</subfield></datafield><datafield ind1=' ' ind2='0' tag='651'><subfield code='a'>Sydney (N.S.W.)</subfield><subfield code='x'>Buildings, structures, etc.</subfield><subfield code='v'>Aerial photographs.</subfield></datafield><datafield ind1=' ' ind2='0' tag='651'><subfield code='a'>Sydney Harbour Bridge (Sydney, N.S.W.)</subfield><subfield code='v'>Photographs.</subfield></datafield><datafield ind1='4' ind2='1' tag='856'><subfield code='z'>National Library of Australia digitised item</subfield><subfield code='u'>http://nla.gov.au/nla.obj-143656880</subfield><subfield code='x'>fulltext</subfield></datafield><datafield ind1='f' ind2='f' tag='999'><subfield code='i'>8f7425b1-c402-5342-9a53-3fcf83c7935c</subfield><subfield code='s'>f638c394-49fb-5937-a1c3-b1d96b3af3c0</subfield></datafield><datafield ind1='f' ind2='f' tag='952'><subfield code='a'>National Library of Australia</subfield><subfield code='b'>Parkes</subfield><subfield code='c'>Parkes</subfield><subfield code='d'>Special Collections Reading Room (PIC [Pic MSS])</subfield><subfield code='e'>PIC P2013/38-48 LOC Photographic collection shelves</subfield><subfield code='h'>Other scheme</subfield><subfield code='i'>Monograph</subfield><subfield code='m'>62be8f8d-e5dc-56eb-951e-9cdc8fddb06b</subfield></datafield></record>